<?xml version="1.0" encoding="UTF-8"?><collection xmlns="http://www.loc.gov/MARC21/slim"><record><leader>00495nam--2200169-i-4500</leader><controlfield tag="001">000009680</controlfield><controlfield tag="002">20161230</controlfield><controlfield tag="005">20170209171444</controlfield><controlfield tag="008">060222s1000------------r-----000-0-eng-d</controlfield><datafield ind1=" " ind2=" " tag="080"><subfield code="a">530.1:539.12.162.6(047).539.17</subfield></datafield><datafield ind1=" " ind2=" " tag="100"><subfield code="a">Adams, C. J</subfield></datafield><datafield ind1=" " ind2=" " tag="245"><subfield code="a">K+p elastic scattering between 432 mev/ 939 mev/c</subfield></datafield><datafield ind1=" " ind2=" " tag="260"><subfield code="a">Chilton, Didcot, Berkshire</subfield><subfield code="b">Rutherford High Energy Laboratory</subfield><subfield code="c">/F.An.</subfield></datafield><datafield ind1=" " ind2=" " tag="300"><subfield code="a">11 p. + 3 Figuri</subfield></datafield><datafield ind1=" " ind2=" " tag="490"><subfield code="a">Rpp/H</subfield><subfield code="v">75</subfield></datafield><datafield ind1=" " ind2=" " tag="852"><subfield code="a">34840</subfield></datafield><datafield ind1=" " ind2=" " tag="CAT"><subfield code="a">SYS</subfield><subfield code="c">20170209</subfield><subfield code="h">171444</subfield></datafield></record></collection>